@inproceedings{MBDP2020,
    author = {McQuistin, Stephen and Band, Vivian and Jacob, Dejice and Perkins,
              Colin},
    title = {Parsing Protocol Standards to Parse Standard Protocols},
    year = {2020},
    url = {https://doi.org/10.1145/3404868.3406671},
    doi = {10.1145/3404868.3406671},
}


@inproceedings{MBDP2021,
    author = {McQuistin, Stephen and Band, Vivian and Jacob, Dejice and Perkins,
              Colin},
    title = {Investigating Automatic Code Generation for Network Packet Parsing},
    year = {2021},
    doi = {10.23919/IFIPNetworking52078.2021.9472829},
}

@inproceedings{8901577,
    author = {McMillan, Kenneth L. and Zuck, Lenore D.},
    title = {Compositional Testing of Internet Protocols},
    year = {2019},
    doi = {10.1109/SecDev.2019.00031},
}

@article{SY19,
    author = {Scalas, Alceste and Yoshida, Nobuko},
    title = {Less is More: Multiparty Session Types Revisited},
    year = {2019},
    issue_date = {January 2019},
    address = {New York, NY, USA},
    volume = {3},
    number = {POPL},
    url = {https://doi.org/10.1145/3290343},
    doi = {10.1145/3290343},
    journal = {Proc. ACM Program. Lang.},
}